@article{Dietl:2005,
author = {Dietl, Werner and M\"{u}ller, Peter},
file = {:Users/huangw5/Documents/Papers/2005/Dietl, M{u}ller - Universes Lightweight ownership for JML.pdf:pdf},
journal = {Journal of Object Technology},
number = {8},
pages = {5--32},
title = {{Universes: Lightweight ownership for JML}},
volume = {4},
year = {2005}
}

@inproceedings{Clarke:1998,
 author = {Clarke, David G. and Potter, John M. and Noble, James},
 title = {Ownership Types for Flexible Alias Protection},
 booktitle = {Proceedings of the 13th ACM SIGPLAN Conference on Object-oriented Programming, Systems, Languages, and Applications},
 series = {OOPSLA '98},
 year = {1998},
 isbn = {1-58113-005-8},
 location = {Vancouver, British Columbia, Canada},
 pages = {48--64},
 numpages = {17},
 url = {http://doi.acm.org/10.1145/286936.286947},
 doi = {10.1145/286936.286947},
 acmid = {286947},
 publisher = {ACM},
 address = {New York, NY, USA},
 keywords = {alias protection, containment, ownership, programming language design, representation exposure, sharing},
} 


@inproceedings{Vaziri:2010,
 author = {Vaziri, Mandana and Tip, Frank and Dolby, Julian and Hammer, Christian and Vitek, Jan},
 title = {A Type System for Data-centric Synchronization},
 booktitle = {Proceedings of the 24th European Conference on Object-oriented Programming},
 series = {ECOOP'10},
 year = {2010},
 isbn = {3-642-14106-4, 978-3-642-14106-5},
 location = {Maribor, Slovenia},
 pages = {304--328},
 numpages = {25},
 url = {http://dl.acm.org/citation.cfm?id=1883978.1884000},
 acmid = {1884000},
 publisher = {Springer-Verlag},
 address = {Berlin, Heidelberg},
} 

@inproceedings{Vallee-Rai1999,
  author    = {Raja Vall{\'{e}}e{-}Rai and
               Phong Co and
               Etienne Gagnon and
               Laurie J. Hendren and
               Patrick Lam and
               Vijay Sundaresan},
  title     = {Soot - a Java bytecode optimization framework},
  booktitle = {Proceedings of the 1999 conference of the Centre for Advanced Studies
               on Collaborative Research, November 8-11, 1999, Mississauga, Ontario,
               Canada},
  pages     = {13},
  year      = {1999},
  url       = {http://doi.acm.org/10.1145/781995.782008},
  doi       = {10.1145/781995.782008},
  biburl    = {https://dblp.org/rec/bib/conf/cascon/Vallee-RaiCGHLS99},
  bibsource = {dblp computer science bibliography, https://dblp.org}
}


@inproceedings{Huang:2012a,
 author = {Huang, Wei and Dietl, Werner and Milanova, Ana and Ernst, Michael D.},
 title = {Inference and Checking of Object Ownership},
 booktitle = {Proceedings of the 26th European Conference on Object-Oriented Programming},
 series = {ECOOP'12},
 year = {2012},
 isbn = {978-3-642-31056-0},
 location = {Beijing, China},
 pages = {181--206},
 numpages = {26},
 url = {http://dx.doi.org/10.1007/978-3-642-31057-7_9},
 doi = {10.1007/978-3-642-31057-7_9},
 acmid = {2367176},
 publisher = {Springer-Verlag},
 address = {Berlin, Heidelberg},
} 

@inproceedings{Huang2012FOOL,
author = {Huang, Wei and Milanova, Ana},
booktitle = {Workshop on the Foundations of Object-oriented Languages (FOOL)},
file = {:Users/huangw5/Documents/Papers/2012/Huang, Milanova - Inferring AJ Types for Concurrent Libraries.pdf:pdf},
title = {{Inferring AJ types for concurrent libraries}},
year = {2012}
}


@inproceedings{Huang:2012b,
 author = {Huang, Wei and Milanova, Ana and Dietl, Werner and Ernst, Michael D.},
 title = {Reim \& ReImInfer: Checking and Inference of Reference Immutability and Method Purity},
 booktitle = {Proceedings of the ACM International Conference on Object Oriented Programming Systems Languages and Applications},
 series = {OOPSLA '12},
 year = {2012},
 isbn = {978-1-4503-1561-6},
 location = {Tucson, Arizona, USA},
 pages = {879--896},
 numpages = {18},
 url = {http://doi.acm.org/10.1145/2384616.2384680},
 doi = {10.1145/2384616.2384680},
 acmid = {2384680},
 publisher = {ACM},
 address = {New York, NY, USA},
 keywords = {inference, method purity, reference immutability, type system},
} 


@article{Dolby:2012,
author = {Dolby, Julian and Hammer, Christian and Marino, Daniel and Tip, Frank and Vaziri, Mandana and Vitek, Jan},
file = {:Users/huangw5/Documents/Papers/2012/Dolby et al. - A data-centric approach to synchronization.pdf:pdf},
issn = {01640925},
journal = {ACM Transactions on Programming Languages and Systems},
month = apr,
number = {1},
pages = {1--48},
title = {{A data-centric approach to synchronization}},
volume = {34},
year = {2012}
}

@inproceedings{Huang2015,
 author = {Huang, Wei and Dong, Yao and Milanova, Ana and Dolby, Julian},
 title = {Scalable and Precise Taint Analysis for Android},
 booktitle = {Proceedings of the 2015 International Symposium on Software Testing and Analysis},
 series = {ISSTA 2015},
 year = {2015},
 isbn = {978-1-4503-3620-8},
 location = {Baltimore, MD, USA},
 pages = {106--117},
 numpages = {12},
 url = {http://doi.acm.org/10.1145/2771783.2771803},
 doi = {10.1145/2771783.2771803},
 acmid = {2771803},
 publisher = {ACM},
 address = {New York, NY, USA},
 keywords = {Android, CFL-reachability, Taint analysis, information flow},
}

@phdthesis{Huang2014Thesis,
        author          = "Wei Huang",
        title           = "An inference and checking framework for context-sensitive pluggable types",
        school          = "Rensselaer Polytechnic Institute",
        year            = "2014"
}