@inproceedings{ArztRFBBKTOM14,
  author    = {Steven Arzt and
               Siegfried Rasthofer and
               Christian Fritz and
               Eric Bodden and
               Alexandre Bartel and
               Jacques Klein and
               Yves Le Traon and
               Damien Octeau and
               Patrick D. McDaniel},
  title     = {FlowDroid: precise context, flow, field, object-sensitive and lifecycle-aware
               taint analysis for Android apps},
  booktitle = {{ACM} {SIGPLAN} Conference on Programming Language Design and Implementation,
               {PLDI} '14, Edinburgh, United Kingdom - June 09 - 11, 2014},
  pages     = {259--269},
  year      = {2014}
}

@inproceedings{AllixBKT16,
  author    = {Kevin Allix and
               Tegawend{\'{e}} F. Bissyand{\'{e}} and
               Jacques Klein and
               Yves Le Traon},
  title     = {AndroZoo: collecting millions of Android apps for the research community},
  booktitle = {Proceedings of the 13th International Conference on Mining Software
               Repositories, {MSR} 2016, Austin, TX, USA, May 14-22, 2016},
  pages     = {468--471},
  year      = {2016},
}

@inproceedings{Vallee-Rai2000,
  author    = {Raja Vall{\'{e}}e{-}Rai and
               Etienne Gagnon and
               Laurie J. Hendren and
               Patrick Lam and
               Patrice Pominville and
               Vijay Sundaresan},
  title     = {Optimizing Java Bytecode Using the Soot Framework: Is It Feasible?},
  booktitle = {Compiler Construction},
  pages     = {18--34},
  year      = {2000},
}